@article{amdahl_multicore,
 author = {Hill, Mark D. and Marty, Michael R.},
 title = {Amdahl's Law in the Multicore Era},
 journal = {Computer},
 issue_date = {July 2008},
 volume = {41},
 number = {7},
 month = jul,
 year = {2008},
 issn = {0018-9162},
 pages = {33--38},
 numpages = {6},
 url = {http://dx.doi.org/10.1109/MC.2008.209},
 doi = {10.1109/MC.2008.209},
 acmid = {1449387},
 publisher = {IEEE Computer Society Press},
 address = {Los Alamitos, CA, USA},
 keywords = {Amdahl's law, Amdahl's law, multicore chips, chip multiprocessors (CMPs), chip multiprocessors (CMPs), multicore chips},
}